@article{10.1093/mnras/sty1105,
    author = {{\mynamefull} and Goicovic, Felipe G and Amaro-Seoane, Pau and Sesana, Alberto},
    title = "{\cc{Accretion of clumpy cold gas on to massive black hole binaries: the challenging formation of extended circumbinary structures}}",
    journal = {Monthly Notices of the Royal Astronomical Society},
    volume = {478},
    number = {2},
    pages = {1726-1748},
    year = {2018},
    month = {05},
    issn = {0035-8711},
    doi = {10.1093/mnras/sty1105},
    url = {https://dx.doi.org/10.1093/mnras/sty1105},
    eprint = {http://oup.prod.sis.lan/mnras/article-pdf/478/2/1726/25059851/sty1105.pdf},
}

@article{10.1093/mnras/sty1709,
    author = {Goicovic, Felipe G and {\mynamefull} and Sesana, Alberto and Amaro-Seoane, Pau and Cuadra, Jorge},
    title = "{\cc{Accretion of clumpy cold gas onto massive black hole binaries: a possible fast route to binary coalescence}}",
    journal = {Monthly Notices of the Royal Astronomical Society},
    volume = {479},
    number = {3},
    pages = {3438-3455},
    year = {2018},
    month = {06},
    issn = {0035-8711},
    doi = {10.1093/mnras/sty1709},
    url = {https://dx.doi.org/10.1093/mnras/sty1709},
    eprint = {http://oup.prod.sis.lan/mnras/article-pdf/479/3/3438/25161628/sty1709.pdf},
}
@article{10.1093/mnras/stx2468,
    author = {{\mynamefull} and Amaro-Seoane, Pau},
    title = "{\cc{GraviDy, a GPU modular, parallel direct-summation N-body integrator: dynamics with softening}}",
    journal = {Monthly Notices of the Royal Astronomical Society},
    volume = {473},
    number = {3},
    pages = {3113-3127},
    year = {2017},
    month = {09},
    issn = {0035-8711},
    doi = {10.1093/mnras/stx2468},
    url = {https://dx.doi.org/10.1093/mnras/stx2468},
    eprint = {http://oup.prod.sis.lan/mnras/article-pdf/473/3/3113/21736460/stx2468.pdf},
}

@ARTICLE{2016arXiv160401392A,
   author = {{Amaro-Seoane}, P. and
             {\mynamefull} and
             {Dotti}, M. and
             {Colpi}, M.},
    title = "{\cc{Retrograde binaries of massive black holes in circum-binary accretion discs}}",
  journal = {A\&A},
archivePrefix = "arXiv",
   eprint = {1604.01392},
 keywords = {Astrophysics - Astrophysics of Galaxies, Astrophysics - Cosmology and Nongalactic Astrophysics, Astrophysics - High Energy Astrophysical Phenomena},
     year = 2016,
    month = apr,
   adsurl = {http://adsabs.harvard.edu/abs/2016arXiv160401392A},
  adsnote = {Provided by the SAO/NASA Astrophysics Data System}
}


@ARTICLE{2015ApJ...811...59D,
   author = {{del Valle}, L. and
             {Escala}, A. and
             {\mynamefull} and
             {Molina}, J. and
             {Cuadra}, J. and
             {Amaro-Seoane}, P.},
    title = "{\cc{Supermassive Black Holes in a Star-forming Gaseous Circumnuclear Disk}}",
  journal = {apj},
archivePrefix = "arXiv",
   eprint = {1503.01664},
 keywords = {black hole physics, galaxies: ISM, galaxies: nuclei, hydrodynamics, methods: numerical},
     year = 2015,
    month = sep,
   volume = 811,
      eid = {59},
    pages = {59},
      doi = {10.1088/0004-637X/811/1/59},
   adsurl = {http://adsabs.harvard.edu/abs/2015ApJ...811...59D},
  adsnote = {Provided by the SAO/NASA Astrophysics Data System}
}


@inproceedings{0-neural,
       title = {\cc{Forecasting high frequency financial time series using parallel FFN with CUDA and ZeroMQ}},
      author = {Arce, Paola and
               {\myname} and
                Bonvallet, Roberto and
                Fernández, César},
   booktitle = {Information and Telecommunication Technologies (APSITT), 2012 9th Asia-Pacific Symposium on},
       pages = {1--5},
        year = {2012},
organization = {IEEE}
}

@InProceedings{1-neural,
    author =    {Roberto Bonvallet and
                {\myname} and
                Paola Arce and
                Cesar Fernández and
                Alejandro Cañete},
    title =     {\cc{A Feed Forward Neural Network in CUDA for a Financial Application}},
    booktitle = {WCCM2012 Tenth World Conference on Computational Mechanics},
    year =      {2012}
}

@InProceedings{2-trending,
    author =    {{\myname} and
                Arturo Hoffstadt and
                Joao López and
                Nicolás Troncoso and
                Rodrigo Tobar and
                Horst von Brand},
    title =     {\cc{High performance graphical data trending in a distributed system}},
    booktitle = {Proceedings Vol. 7740 Software and Cyberinfrastructure for Astronomy},
    year =      {2010}
}

@InProceedings{3-dds,
    author =    {Jorge Avarias and
                Joao López and
                {\myname} and
                Heiko Sommer and
                Gianluca Chiozzi},
    title =     {\cc{Introducing high performance distributed logging service for ACS}},
    booktitle = {Proceedings Vol. 7740 Software and Cyberinfrastructure for Astronomy},
    year =      {2010}
}

@InProceedings{4-ubot,
    author =    {{\myname} and
                Rodrigo Fernández and
                Gabriel Zamora and
                Jaime Peldoza and
                Esteban Bombal and
                Jaime Martinez},
    title =     {\cc{Desarrollo de una interfaz genérica para la investigación y desarrollo de plataformas robóticas}},
    booktitle = {Proceedings del XXI Encuentro Chileno de Computación, Jornadas Chilenas de Computación},
    year =      {2009}
}

@InProceedings{5-livecd,
    author =    {Arturo Hoffstadt and
                {\myname} and
                Sergio Morales and
                Gabriel Zamora and
                Ignacio Villacura and
                Horst von Brand},
    title =     {\cc{Construcción de un Sistema Operativo Auto-Arrancable para Rescate de Sistemas Dañados}},
    booktitle = {Proceedings del XX Encuentro Chileno de Computación, Jornadas Chilenas de Computación},
    year =      {2008}
}
